<?xml version="1.0" encoding="UTF-8"?><collection xmlns="http://www.loc.gov/MARC21/slim"><record><leader>00388nam--2200157-i-4500</leader><controlfield tag="001">000020751</controlfield><controlfield tag="002">20161230</controlfield><controlfield tag="005">20170102172500</controlfield><controlfield tag="008">060222s1000------------r-----000-0-eng-d</controlfield><datafield ind1=" " ind2=" " tag="080"><subfield code="a">517.5(076)</subfield></datafield><datafield ind1=" " ind2=" " tag="100"><subfield code="a">Evgrafov, M. A</subfield></datafield><datafield ind1=" " ind2=" " tag="245"><subfield code="a">Sbornik padaci po teorii analiticeskih funktii</subfield></datafield><datafield ind1=" " ind2=" " tag="260"><subfield code="a">Moskva</subfield><subfield code="b">Nauka</subfield><subfield code="c">1969</subfield></datafield><datafield ind1=" " ind2=" " tag="300"><subfield code="a">387 p</subfield></datafield><datafield ind1=" " ind2=" " tag="852"><subfield code="a">80664</subfield></datafield><datafield ind1=" " ind2=" " tag="CAT"><subfield code="a">SYS</subfield><subfield code="c">20170102</subfield><subfield code="h">172500</subfield></datafield></record></collection>